 @article{saatci, 
    title={Müze-i Hümâyun Müdürü Dr.Philipp Anton Dethier'nin Osmanlı Maarif Nazırları Dönemindeki (1872-1881) Faaliyetleri üzerine Bir Değerlendirme}, 
    journal={Belgi Dergisi}, pages={459--482}, year={2021}, DOI={10.33431/belgi.812826}, 
    author={Saatçı Ata, Meltem Begüm}, keywords={Arkeoloji, Maarif Nezareti, Çinili Köşk, Müze-i Hümâyun, Philipp Anton Dethier}, 
    number={21}, publisher={Pamukkale üniversitesi} 
}

@article{mumcu_1, 
    title={Eski Eserler Hukuku ve Türkiye}, journal={Ankara üniversitesi Hukuk Fakültesi Dergisi}, 
    volume={26}, 
    year={1969}, 
    DOI={10.1501/Hukfak_0000001152}, 
    author={Mumcu, Ahmet}, 
    number={3}, 
    publisher={Ankara üniversitesi}, 
    pages={67--68}
}

@article{mumcu_2, 
    title={Eski Eserler Hukuku ve Türkiye}, 
    journal={Ankara üniversitesi Hukuk Fakültesi Dergisi}, 
    volume={26}, 
    year={1969}, 
    DOI={10.1501/Hukfak_0000001152}, 
    author={Mumcu, Ahmet}, 
    number={3}, 
    publisher={Ankara üniversitesi}, 
    pages={70--72} 
}

@article{mumcu_3, 
    title={Eski Eserler Hukuku ve Türkiye}, 
    journal={Ankara üniversitesi Hukuk Fakültesi Dergisi}, 
    volume={26}, 
    year={1969}, 
    DOI={10.1501/Hukfak_0000001152}, 
    author={Mumcu, Ahmet}, 
    number={3}, 
    publisher={Ankara üniversitesi}, 
    pages={73--74}
}

@article{degirmenci, 
    title={Osmanlı 
    Devleti'nde Âsâr-ı Atîka Bilincinin Gelişimi: Kaş Kazası Örneği (1842-1908)}, 
    journal={MANAS Sosyal Araştırmalar Dergisi}, 
    volume={12}, 
    year={1969}, 
    DOI={10.33206/mjss.1278706}, 
    author={Değirmenci, Kevser}, 
    number={3}, 
    publisher={Kütahya Dumlupınar üniversitesi} 
}

@article{ karaduman, 
    author = {Karaduman, Hüseyin}, 
    title = {Belgelerle İlk Türk Asar-ı Atika Nizamnamesi}, 
    journal = {Belgeler}, 
    year = {2004}, 
    volume = {25}, 
    number = {}, 
    publisher = {Türk Tarih Kurumu}, 
    pages={76--80} 
}

@phdthesis{dilbaz_1,
    author = {Burcu Kutlu Dilbaz},
    title = {Anadolu'daki Arkeolojik Kazılar (1860-1910)},
    school = {İstanbul üniversitesi},
    year = {2014},
    pages = {193}
}

@phdthesis{dilbaz_2,
    author = {Burcu Kutlu Dilbaz},
    title = {Anadolu'daki Arkeolojik Kazılar (1860-1910)},
    school = {İstanbul üniversitesi},
    year = {2014},
    pages = {186--190}
}

@inbook{dia,
    author = {Filiz Gündüz},
    title = {Türkiye Diyanet Vakfı İslam Ansiklopedisi},
    publisher = {Türkiye Diyanet Vakfı},
    year = {2007},
    chapter = {Osman Hamdi Bey},
    pages = {468--469}
}

@inbook{shaw,
    author = {Wendy M. K. Shaw},
    title = {Osmanlı Müzeciliği},
    publisher = {İletişim Yayınları},
    edition={3},
    year = {2020},
    translator = {Esin Soğancılar}
}
